

@article{
  olson2022,
  title={Getting Started on OSF},
  url={https://osf.io/yaqe8/},
  DOI={10.17605/OSF.IO/YAQE8},
  publisher={Open},
  author={Olson, Eric and Pfeiffer, Nicole and Call, Mark and Steger, Daniel},
  year={2022},
month={Aug} }

@article{
  sullivan2019,
  title={Open and Reproducible Research on Open Science Framework},
  volume={18},
  ISSN={1948-3430, 1948-3430},
  url={https://currentprotocols.onlinelibrary.wiley.com/doi/10.1002/cpet.32},
  DOI={10.1002/cpet.32},
  number={1},
  journal={Current Protocols Essential Laboratory Techniques},
  author={Sullivan, Ian and DeHaven, Alexander and Mellor, David},
  year={2019},
  month={Jun},
pages={e32} }

@article{
  soderberg2018,
  title={Using OSF to Share Data: A Step-by-Step Guide},
  volume={1},
  ISSN={2515-2459, 2515-2467},
  url={http://journals.sagepub.com/doi/10.1177/2515245918757689},
  DOI={10.1177/2515245918757689},
  number={1},
  journal={Advances in Methods and Practices in Psychological Science},
  author={Soderberg, Courtney K.},
  year={2018},
  month={Mar},
pages={115â€“120} }
